% ....názov súboru je: literatura.bib
% kniha
@book{Coplien:MPD,
	author = "James O. Coplien",
	title = "Multi-Paradigm Design for C++",
	publisher = "Addison-Wesley",
	year = 1999
}

% kniha
@book{Botvinnik:CIC,
	author = "Mikhail Botvinnik",
	title = "Computers in Chess: Solving Inexact Search Problems",
	publisher = "Springer",
	year = 1984
}

% článok v časopise
@article{Czarnecki:Staged,
    author = "Krzysztof Czarnecki and Simon Helsen and Ulrich Eisenecker",
    title = "Staged Configuration Through Specialization and Multi-Level Configuration of Feature Models",
    journal = "Software Process: Improvement and Practice",
    volume = 10,
    issue = 2,
    month = apr # "/" # jun,
    year = "2005",
    pages = "143--169",
}

% článok v zborníku
@inproceedings{Czarnecki:Progress,
	author = "Krzysztof Czarnecki and Chang Hwan Peter Kim",
	title = "Cardinality-Based Feature Modeling and Constraints: A Progress Report",
	booktitle = "International Workshop on Software Factories, OOPSLA 2005",
	month = oct,
	year = "2005",
	address = "San Diego, USA",
}

% technická správa (nepublikovaná)
@techreport{Kang:FODA,
	author = "Kyo C. Kang and Sholom G. Cohen and James A. Hess and William E. Novak and A. Spencer Peterson",
	title = "Feature-Oriented Domain Analysis ({FODA}): A Feasibility Study",
	institution = "Software Engineering Institute, Carnegie Mellon University",
	address = "Pittsburgh, USA",
	month = nov,
	year = 1990,
	number = "CMU/SEI-90-TR-21",
}

% zdroj na webe

@misc{History-BasicV,
	author = "Dr.Rodney, University of Nottingham",
	title = "History of chess game - Lecture notes 1",
	howpublished = "\url{https://www.studocu.com/en-gb/document/university-of-nottingham/introduction-to-russian-history-and-culture/history-of-chess-game-lecture-notes-1/18818193}",
}

@misc{History-DeeperUV,
	author = "ColinStapczynski",
	title = "History of Chess | From Early Stages to Magnus",
	howpublished = "\url{https://www.chess.com/article/view/history-of-chess}",
}